@article{Wagner1994,
	author = {Wagner, Ellen D.},
	journal = {American Journal of Distance Education},
	number = {2},
	pages = {6--29},
	publisher = {Taylor \& Francis},
	title = {{In support of a functional definition of interaction}},
	url = {http://dx.doi.org/10.1080/08923649409526852},
	volume = {8},
	year = {1994}
}

@online{ISO2010,
	author = {{International Organization for Standardization}},
	title = {{ISO 9241-210:2010(en)}},
	year = {2010},
	url = {https://www.iso.org/obp/ui/\#iso:std:iso:9241:-210:ed-1:v1:en}
}